[gd_scene load_steps=23 format=3 uid="uid://be1pj46sd0wcn"]

[ext_resource type="PackedScene" uid="uid://j6eb84y6w5bs" path="res://Assets/PJ/PJ.tscn" id="1_5selv"]
[ext_resource type="Script" path="res://game.gd" id="1_ofs6m"]
[ext_resource type="PackedScene" uid="uid://cg21kvhba6dm4" path="res://Assets/Mapa/tierra.tscn" id="2_7aven"]
[ext_resource type="PackedScene" uid="uid://cps4uksao2fbm" path="res://audio_manager.tscn" id="2_723bi"]
[ext_resource type="Texture2D" uid="uid://v4qj5y0jh2jb" path="res://Assets/Mapa/Carteles.png" id="3_skkkn"]
[ext_resource type="PackedScene" uid="uid://doidejkmnj7f2" path="res://Assets/PJ/camara_pj.tscn" id="3_xsw23"]
[ext_resource type="FontFile" uid="uid://6w8j3vmpwvp5" path="res://Assets/PixCon.ttf" id="5_0pokv"]
[ext_resource type="Script" path="res://PJ.gd" id="5_fursr"]
[ext_resource type="PackedScene" uid="uid://4vhcdnohdmxn" path="res://Assets/Mapa/piso.tscn" id="6_vc0oe"]
[ext_resource type="PackedScene" uid="uid://cuu2woydgytvk" path="res://Assets/Mapa/pared_izquierda.tscn" id="7_7mxir"]
[ext_resource type="Texture2D" uid="uid://cos181e86jnqc" path="res://Assets/Warning.png" id="7_nyvfe"]
[ext_resource type="PackedScene" uid="uid://03v3q1hsg3pd" path="res://Assets/Mapa/pared_derecha.tscn" id="8_6v4n5"]
[ext_resource type="Script" path="res://Cartas Jugador.gd" id="8_c3ncm"]
[ext_resource type="PackedScene" uid="uid://bl3ckf0253x2k" path="res://Assets/linea_warning.tscn" id="8_ii2yv"]
[ext_resource type="PackedScene" uid="uid://cpl0xjdqrcbyj" path="res://Assets/Mapa/techo.tscn" id="9_0gxor"]
[ext_resource type="Texture2D" uid="uid://d0n44n86mqel8" path="res://Assets/Cartas/Aumento ataque.png" id="9_fbjpw"]
[ext_resource type="PackedScene" uid="uid://dqlexrln60ja0" path="res://Assets/linea_warning_2.tscn" id="9_gp51i"]
[ext_resource type="Texture2D" uid="uid://ctch1euhgjrho" path="res://Assets/Mapa/Trituradora.png" id="10_dy2ip"]
[ext_resource type="Texture2D" uid="uid://16p4hrwhvpq2" path="res://Assets/Cartas/Revivir.png" id="10_iye84"]
[ext_resource type="Texture2D" uid="uid://b76ie15bwtimk" path="res://Assets/Cartas/Aumento de vida.png" id="11_gwh6m"]
[ext_resource type="Texture2D" uid="uid://c3efgjntuw6y" path="res://Assets/Cartas/Curacion.png" id="12_iopa3"]
[ext_resource type="Texture2D" uid="uid://c35nc7twkjlci" path="res://Assets/Cartas/Aumento velocidad de disparo.png" id="12_m2eb1"]

[node name="Game" type="Node2D"]
script = ExtResource("1_ofs6m")
ultimo_jefe = 3

[node name="Carteles" type="Sprite2D" parent="."]
position = Vector2(0, -460)
texture = ExtResource("3_skkkn")

[node name="Jefe" type="Node2D" parent="."]
unique_name_in_owner = true

[node name="Trituradora" type="Sprite2D" parent="."]
position = Vector2(0, 950)
texture = ExtResource("10_dy2ip")

[node name="CamaraPJ" parent="." instance=ExtResource("3_xsw23")]

[node name="PJ" type="Node2D" parent="."]
script = ExtResource("5_fursr")

[node name="Jugador" parent="PJ" instance=ExtResource("1_5selv")]
unique_name_in_owner = true
position = Vector2(0, 89)

[node name="Noche" type="CanvasLayer" parent="."]
process_mode = 2
layer = 2
visible = false

[node name="ColorRect" type="ColorRect" parent="Noche"]
anchors_preset = 15
anchor_right = 1.0
anchor_bottom = 1.0
grow_horizontal = 2
grow_vertical = 2
color = Color(0.0313726, 0.0196078, 0.160784, 0.803922)

[node name="Warning" type="CanvasLayer" parent="."]
unique_name_in_owner = true
layer = 2
visible = false

[node name="Warning" type="Sprite2D" parent="Warning"]
position = Vector2(1024, 542)
texture = ExtResource("7_nyvfe")

[node name="LineaWarning2" parent="Warning" instance=ExtResource("9_gp51i")]
unique_name_in_owner = true
visible = false
position = Vector2(2869, 374)

[node name="LineaWarning" parent="Warning" instance=ExtResource("8_ii2yv")]
unique_name_in_owner = true
visible = false
position = Vector2(-946, 711)

[node name="Cartas Jugador" type="CanvasLayer" parent="."]
unique_name_in_owner = true
layer = 3
visible = false
script = ExtResource("8_c3ncm")

[node name="ColorRect" type="ColorRect" parent="Cartas Jugador"]
anchors_preset = 15
anchor_right = 1.0
anchor_bottom = 1.0
grow_horizontal = 2
grow_vertical = 2
color = Color(0, 0, 0, 0.509804)

[node name="Aumento ataque" type="Button" parent="Cartas Jugador/ColorRect"]
unique_name_in_owner = true
custom_minimum_size = Vector2(550, 0)
layout_mode = 2
offset_left = 33.0
offset_top = 66.0
offset_right = 583.0
offset_bottom = 1016.0
grow_horizontal = 2
grow_vertical = 0
theme_override_colors/font_color = Color(1, 1, 1, 1)
theme_override_colors/font_pressed_color = Color(0, 0, 0, 1)
theme_override_colors/font_hover_color = Color(1, 0.486275, 0, 1)
theme_override_colors/font_outline_color = Color(0, 0, 0, 1)
theme_override_constants/outline_size = 10
theme_override_fonts/font = ExtResource("5_0pokv")
theme_override_font_sizes/font_size = 50
icon = ExtResource("9_fbjpw")
flat = true
icon_alignment = 1

[node name="Aumento vida" type="Button" parent="Cartas Jugador/ColorRect"]
unique_name_in_owner = true
custom_minimum_size = Vector2(550, 0)
layout_mode = 2
offset_left = 683.0
offset_top = 66.0
offset_right = 1233.0
offset_bottom = 1016.0
theme_override_colors/font_color = Color(1, 1, 1, 1)
theme_override_colors/font_pressed_color = Color(0, 0, 0, 1)
theme_override_colors/font_hover_color = Color(1, 0.486275, 0, 1)
theme_override_colors/font_outline_color = Color(0, 0, 0, 1)
theme_override_constants/outline_size = 10
theme_override_fonts/font = ExtResource("5_0pokv")
theme_override_font_sizes/font_size = 50
icon = ExtResource("11_gwh6m")
flat = true
icon_alignment = 1

[node name="Aumento vel disparo" type="Button" parent="Cartas Jugador/ColorRect"]
unique_name_in_owner = true
custom_minimum_size = Vector2(550, 0)
layout_mode = 2
offset_left = 1333.0
offset_top = 66.0
offset_right = 1883.0
offset_bottom = 1016.0
theme_override_colors/font_color = Color(1, 1, 1, 1)
theme_override_colors/font_pressed_color = Color(0, 0, 0, 1)
theme_override_colors/font_hover_color = Color(1, 0.486275, 0, 1)
theme_override_colors/font_outline_color = Color(0, 0, 0, 1)
theme_override_constants/outline_size = 10
theme_override_fonts/font = ExtResource("5_0pokv")
theme_override_font_sizes/font_size = 50
icon = ExtResource("12_m2eb1")
flat = true
icon_alignment = 1

[node name="Vida extra" type="Button" parent="Cartas Jugador/ColorRect"]
unique_name_in_owner = true
visible = false
custom_minimum_size = Vector2(550, 0)
layout_mode = 2
offset_left = 29.0
offset_top = 58.0
offset_right = 587.0
offset_bottom = 1016.0
grow_horizontal = 2
grow_vertical = 0
theme_override_colors/font_color = Color(1, 1, 1, 1)
theme_override_colors/font_pressed_color = Color(0, 0, 0, 1)
theme_override_colors/font_hover_color = Color(1, 0.486275, 0, 1)
theme_override_colors/font_outline_color = Color(0, 0, 0, 1)
theme_override_constants/outline_size = 10
theme_override_fonts/font = ExtResource("5_0pokv")
theme_override_font_sizes/font_size = 50
icon = ExtResource("10_iye84")
flat = true
icon_alignment = 1

[node name="Curacion" type="Button" parent="Cartas Jugador/ColorRect"]
unique_name_in_owner = true
visible = false
custom_minimum_size = Vector2(550, 0)
layout_mode = 2
offset_left = 1333.0
offset_top = 66.0
offset_right = 1891.0
offset_bottom = 1024.0
theme_override_colors/font_color = Color(1, 1, 1, 1)
theme_override_colors/font_pressed_color = Color(0, 0, 0, 1)
theme_override_colors/font_hover_color = Color(1, 0.486275, 0, 1)
theme_override_colors/font_outline_color = Color(0, 0, 0, 1)
theme_override_constants/outline_size = 10
theme_override_fonts/font = ExtResource("5_0pokv")
theme_override_font_sizes/font_size = 50
icon = ExtResource("12_iopa3")
flat = true
icon_alignment = 1

[node name="Game over" type="CanvasLayer" parent="."]
unique_name_in_owner = true
process_mode = 2
layer = 3
visible = false

[node name="ColorRect" type="ColorRect" parent="Game over"]
anchors_preset = 15
anchor_right = 1.0
anchor_bottom = 1.0
grow_horizontal = 2
grow_vertical = 2
color = Color(0, 0, 0, 0.509804)

[node name="Label" type="Label" parent="Game over/ColorRect"]
layout_mode = 1
anchors_preset = 8
anchor_left = 0.5
anchor_top = 0.5
anchor_right = 0.5
anchor_bottom = 0.5
offset_left = -43.5
offset_top = -11.5
offset_right = 43.5
offset_bottom = 11.5
grow_horizontal = 2
grow_vertical = 2
theme_override_fonts/font = ExtResource("5_0pokv")
theme_override_font_sizes/font_size = 100
text = "Game Over"

[node name="Salir" type="Button" parent="Game over/ColorRect"]
layout_mode = 1
anchors_preset = 7
anchor_left = 0.5
anchor_top = 1.0
anchor_right = 0.5
anchor_bottom = 1.0
offset_left = -115.0
offset_top = -311.0
offset_right = 115.0
offset_bottom = -213.0
grow_horizontal = 2
grow_vertical = 0
theme_override_colors/font_color = Color(1, 1, 1, 1)
theme_override_colors/font_pressed_color = Color(0, 0, 0, 1)
theme_override_colors/font_hover_color = Color(1, 0.486275, 0, 1)
theme_override_colors/font_outline_color = Color(0, 0, 0, 1)
theme_override_constants/outline_size = 10
theme_override_fonts/font = ExtResource("5_0pokv")
theme_override_font_sizes/font_size = 50
text = "Salir"
flat = true

[node name="You Win" type="CanvasLayer" parent="."]
unique_name_in_owner = true
process_mode = 2
layer = 3
visible = false

[node name="ColorRect" type="ColorRect" parent="You Win"]
anchors_preset = 15
anchor_right = 1.0
anchor_bottom = 1.0
grow_horizontal = 2
grow_vertical = 2
color = Color(0, 0, 0, 0.509804)

[node name="Label" type="Label" parent="You Win/ColorRect"]
layout_mode = 1
anchors_preset = 8
anchor_left = 0.5
anchor_top = 0.5
anchor_right = 0.5
anchor_bottom = 0.5
offset_left = -43.5
offset_top = -11.5
offset_right = 43.5
offset_bottom = 11.5
grow_horizontal = 2
grow_vertical = 2
theme_override_fonts/font = ExtResource("5_0pokv")
theme_override_font_sizes/font_size = 100
text = "You Win"

[node name="Salir" type="Button" parent="You Win/ColorRect"]
layout_mode = 1
anchors_preset = 7
anchor_left = 0.5
anchor_top = 1.0
anchor_right = 0.5
anchor_bottom = 1.0
offset_left = -115.0
offset_top = -311.0
offset_right = 115.0
offset_bottom = -213.0
grow_horizontal = 2
grow_vertical = 0
theme_override_colors/font_color = Color(1, 1, 1, 1)
theme_override_colors/font_pressed_color = Color(0, 0, 0, 1)
theme_override_colors/font_hover_color = Color(1, 0.486275, 0, 1)
theme_override_colors/font_outline_color = Color(0, 0, 0, 1)
theme_override_constants/outline_size = 10
theme_override_fonts/font = ExtResource("5_0pokv")
theme_override_font_sizes/font_size = 50
text = "Salir"
flat = true

[node name="Pausa" type="CanvasLayer" parent="."]
process_mode = 2
layer = 3
visible = false

[node name="ColorRect" type="ColorRect" parent="Pausa"]
anchors_preset = 15
anchor_right = 1.0
anchor_bottom = 1.0
grow_horizontal = 2
grow_vertical = 2
color = Color(0, 0, 0, 0.509804)

[node name="Label" type="Label" parent="Pausa/ColorRect"]
layout_mode = 1
anchors_preset = 8
anchor_left = 0.5
anchor_top = 0.5
anchor_right = 0.5
anchor_bottom = 0.5
offset_left = -43.5
offset_top = -11.5
offset_right = 43.5
offset_bottom = 11.5
grow_horizontal = 2
grow_vertical = 2
theme_override_fonts/font = ExtResource("5_0pokv")
theme_override_font_sizes/font_size = 100
text = "Pausa"

[node name="VBoxContainer" type="VBoxContainer" parent="Pausa/ColorRect"]
layout_mode = 1
anchors_preset = 7
anchor_left = 0.5
anchor_top = 1.0
anchor_right = 0.5
anchor_bottom = 1.0
offset_left = -205.0
offset_top = -338.0
offset_right = 217.0
offset_bottom = -138.0
grow_horizontal = 2
grow_vertical = 0
theme_override_constants/separation = 50

[node name="Continuar" type="Button" parent="Pausa/ColorRect/VBoxContainer"]
layout_mode = 2
theme_override_colors/font_color = Color(1, 1, 1, 1)
theme_override_colors/font_pressed_color = Color(0, 0, 0, 1)
theme_override_colors/font_hover_color = Color(1, 0.486275, 0, 1)
theme_override_colors/font_outline_color = Color(0, 0, 0, 1)
theme_override_constants/outline_size = 10
theme_override_fonts/font = ExtResource("5_0pokv")
theme_override_font_sizes/font_size = 50
text = "Continuar"
flat = true

[node name="Salir" type="Button" parent="Pausa/ColorRect/VBoxContainer"]
layout_mode = 2
theme_override_colors/font_color = Color(1, 1, 1, 1)
theme_override_colors/font_pressed_color = Color(0, 0, 0, 1)
theme_override_colors/font_hover_color = Color(1, 0.486275, 0, 1)
theme_override_colors/font_outline_color = Color(0, 0, 0, 1)
theme_override_constants/outline_size = 10
theme_override_fonts/font = ExtResource("5_0pokv")
theme_override_font_sizes/font_size = 50
text = "Salir"
flat = true

[node name="Tierra" parent="." instance=ExtResource("2_7aven")]

[node name="Piso" parent="." instance=ExtResource("6_vc0oe")]

[node name="Pared izquierda" parent="." instance=ExtResource("7_7mxir")]

[node name="Pared derecha" parent="." instance=ExtResource("8_6v4n5")]

[node name="Techo" parent="." instance=ExtResource("9_0gxor")]

[node name="AudioManager" parent="." instance=ExtResource("2_723bi")]

[node name="Tiempo warning" type="Timer" parent="."]
unique_name_in_owner = true
wait_time = 6.0
autostart = true

[node name="Tiempo pre warning" type="Timer" parent="."]
unique_name_in_owner = true
wait_time = 3.0
autostart = true

[connection signal="sin_vida" from="PJ/Jugador" to="." method="_on_jugador_sin_vida"]
[connection signal="pressed" from="Cartas Jugador/ColorRect/Aumento ataque" to="Cartas Jugador" method="_on_aumento_ataque_pressed"]
[connection signal="pressed" from="Cartas Jugador/ColorRect/Aumento vida" to="Cartas Jugador" method="_on_aumento_vida_pressed"]
[connection signal="pressed" from="Cartas Jugador/ColorRect/Aumento vel disparo" to="Cartas Jugador" method="_on_aumento_vel_disparo_pressed"]
[connection signal="pressed" from="Cartas Jugador/ColorRect/Vida extra" to="Cartas Jugador" method="_on_vida_extra_pressed"]
[connection signal="pressed" from="Cartas Jugador/ColorRect/Curacion" to="Cartas Jugador" method="_on_curacion_pressed"]
[connection signal="pressed" from="Game over/ColorRect/Salir" to="." method="_on_salir_pressed"]
[connection signal="pressed" from="You Win/ColorRect/Salir" to="." method="_on_salir_pressed"]
[connection signal="pressed" from="Pausa/ColorRect/VBoxContainer/Continuar" to="." method="_on_continuar_pressed"]
[connection signal="pressed" from="Pausa/ColorRect/VBoxContainer/Salir" to="." method="_on_salir_pressed"]
[connection signal="timeout" from="Tiempo warning" to="." method="_on_tiempo_warning_timeout"]
[connection signal="timeout" from="Tiempo pre warning" to="." method="_on_tiempo_pre_warning_timeout"]
