[gd_scene load_steps=8 format=3 uid="uid://cgl32fvfofal4"]

[ext_resource type="Script" path="res://Reductor de vida.gd" id="1_di47d"]
[ext_resource type="Script" path="res://Assets/Bosses/Hüdra/Pivot cañon mediano.gd" id="2_j7omj"]
[ext_resource type="Texture2D" uid="uid://c8cscocqyhbd5" path="res://Assets/Bosses/Hüdra/Cañon mediano.png" id="3_a1iwc"]
[ext_resource type="PackedScene" uid="uid://cps4uksao2fbm" path="res://audio_manager.tscn" id="4_eau40"]

[sub_resource type="CircleShape2D" id="CircleShape2D_hv4se"]
radius = 56.0

[sub_resource type="StyleBoxFlat" id="StyleBoxFlat_n0dfq"]
bg_color = Color(0.137255, 0.137255, 0.137255, 0.666667)
skew = Vector2(1, 0)
corner_radius_top_left = 8
corner_radius_top_right = 8
corner_radius_bottom_right = 8
corner_radius_bottom_left = 8

[sub_resource type="StyleBoxFlat" id="StyleBoxFlat_lqect"]
bg_color = Color(0.831373, 0, 0.137255, 1)
skew = Vector2(1, 0)
corner_radius_top_left = 8
corner_radius_top_right = 8
corner_radius_bottom_right = 8
corner_radius_bottom_left = 8

[node name="Cañon mediano" type="CharacterBody2D"]
script = ExtResource("1_di47d")
vida = 50

[node name="Pivot cañon mediano" type="Node2D" parent="."]
script = ExtResource("2_j7omj")
velocidad_rotacion = 10

[node name="Sprite" type="Sprite2D" parent="Pivot cañon mediano"]
unique_name_in_owner = true
visibility_layer = 2
position = Vector2(13, 0)
rotation = -1.5708
texture = ExtResource("3_a1iwc")

[node name="Disparador" type="Marker2D" parent="Pivot cañon mediano"]
unique_name_in_owner = true
position = Vector2(88, -3)

[node name="Velocidad disparo" type="Timer" parent="Pivot cañon mediano"]
unique_name_in_owner = true
wait_time = 3.0
autostart = true

[node name="Velocidad disparo rapido" type="Timer" parent="Pivot cañon mediano"]
wait_time = 0.1
autostart = true

[node name="Colision" type="CollisionShape2D" parent="."]
unique_name_in_owner = true
light_mask = 2
visibility_layer = 2
shape = SubResource("CircleShape2D_hv4se")

[node name="ProgressBar" type="ProgressBar" parent="."]
unique_name_in_owner = true
offset_left = -80.0
offset_top = -97.0
offset_right = 80.0
offset_bottom = -74.0
theme_override_styles/background = SubResource("StyleBoxFlat_n0dfq")
theme_override_styles/fill = SubResource("StyleBoxFlat_lqect")
value = 34.0
show_percentage = false

[node name="AudioManager" parent="." instance=ExtResource("4_eau40")]
unique_name_in_owner = true

[connection signal="timeout" from="Pivot cañon mediano/Velocidad disparo" to="Pivot cañon mediano" method="_on_velocidad_disparo_timeout"]
[connection signal="timeout" from="Pivot cañon mediano/Velocidad disparo rapido" to="Pivot cañon mediano" method="_on_velocidad_disparo_rapido_timeout"]
